
@online{ley,
  title={Ley de protección de los animales},
  author = {BOE},
  year={2023},
  url={https://www.boe.es/buscar/doc.php?id=BOE-A-2023-7936}
}

@online{affinity,
  title={Las cifras del abandono de perros y gatos},
  author={Fundación Affinity},
  year={2022},
  url={https://www.fundacion-affinity.org/perros-gatos-y-personas/busco-un-animal-de-compania/las-cifras-del-abandono-de-perros-y-gatos-aun}
}

@online{petalatino,
  title={Animales que sufren por el comercio de mascotas},
  author ={Peta Latino},
  year={2024},
  url={https://investigaciones.petalatino.com/animales-sufren-comercio-mascotas/}
}

@online{flutter_dev,
    author = "{Flutter}",
    title = "{Documentación de Flutter}",
    year = "2024",
    url = "{https://flutter.dev}",
}

@online{dart_dev,
    author = "{Dart}",
    title = "{Documentación de Dart}",
    year = "2024",
    url = "{https://flutter.dev}",
}

@online{firebase_console,
    author = "{Firebase}",
    title = "{Consola de Firebase}",
    year = "2024",
    url = "{https://console.firebase.google.com}",
}

@online{firebase_plans,
    author = "{Firebase}",
    title = "{Precios de Firebase}",
    year = "2024",
    url = "{https://firebase.google.com/pricing?hl=es-419}",
}

@online{google_prices,
    author = "{Google}",
    title = "{Precios de APIs de Google}",
    year = "2024",
    url = "{https://mapsplatform.google.com/intl/es/pricing/}",
}

@online{lavanguardia,
    author = "{La Vanguardia}",
    title = "{Mejores aplicaciones para adoptar gratuitas}",
    year = "2022",
    url = "{https://www.lavanguardia.com/andro4all/aplicaciones/apps-gratuitas-para-adoptar-perros-y-gatos}",
}

@online{miwuki,
  author = "{Miwuki}",
  title = "{Miwuki Pet Shelter}",
  url = "{https://www.miwuki.com/}"
}

@online{klygo,
  author = "{KLYGO}",
  title = "{KLYGO - Adopta perros y gatos}",
  url = "{https://play.google.com/store/apps/details?id=com.klygo.app&hl=ca&pli=1}"
}

@online{lookerstudio,
  author = "{Looker Studio, Miwuki}",
  title = "{Abandonos en España}",
  url = "{https://lookerstudio.google.com/u/0/reporting/bdfdde81-1a48-4370-8616-e7b527240a82/page/axT5}"
}

@online{adoptame,
  author = "{AdoptaMe}",
  title = "{AdoptaMe}",
  url = "{https://play.google.com/store/apps/details?id=com.adoptame&hl=es_VE}"
}